@article{Berx_2021,
  title     = {BLUES function method applied to partial differential equations and analytic approximants for interface growth under shear},
  author    = {Berx, Jonas and Indekeu, Joseph O.},
  journal   = {Phys. Rev. Research},
  volume    = {3},
  issue     = {3},
  pages     = {033113},
  numpages  = {17},
  year      = {2021},
  month     = {Aug},
  publisher = {American Physical Society},
  doi       = {10.1103/PhysRevResearch.3.033113},
  url       = {https://link.aps.org/doi/10.1103/PhysRevResearch.3.033113}
}

@article{Berx_2020,
  doi       = {10.1088/1751-8121/abcf57},
  url       = {https://doi.org/10.1088/1751-8121/abcf57},
  year      = {2020},
  month     = {dec},
  publisher = {{IOP} Publishing},
  volume    = {54},
  number    = {2},
  pages     = {025702},
  author    = {Jonas Berx and Joseph O Indekeu},
  title     = {{BLUES} iteration applied to nonlinear ordinary differential equations for wave propagation and heat transfer},
  journal   = {Journal of Physics A: Mathematical and Theoretical}
}

@article{Berx_2019,
  doi       = {10.1088/1751-8121/ab3914},
  url       = {https://doi.org/10.1088/1751-8121/ab3914},
  year      = {2019},
  month     = {aug},
  publisher = {{IOP} Publishing},
  volume    = {52},
  number    = {38},
  pages     = {38LT01},
  author    = {Jonas Berx and Joseph O Indekeu},
  title     = {Analytic iteration procedure for solitons and traveling wavefronts with sources},
  journal   = {Journal of Physics A: Mathematical and Theoretical}
}

@article{Lamorgese2017,
  title   = {Modeling soft interface dominated systems: A comparison of phase field and {G}ibbs dividing surface models},
  journal = {Physics Reports},
  volume  = {675},
  pages   = {1-54},
  year    = {2017},
  note    = {Modeling soft interface dominated systems: A comparison of phase field and Gibbs dividing surface models},
  issn    = {0370-1573},
  doi     = {https://doi.org/10.1016/j.physrep.2017.01.002},
  url     = {https://www.sciencedirect.com/science/article/pii/S0370157317300352},
  author  = {A. Lamorgese and R. Mauri and L.M.C. Sagis}
}

@article{Bewick2017Invasion,
  title   = {Invasion speeds in microbial systems with toxin production and quorum sensing},
  author  = {Bewick, Sharon and Staniczenko, Phillip P A and Li, Bingtuan and Karig, David K and Fagan, William F},
  doi     = {10.1016/j.jtbi.2017.01.034},
  volume  = {420},
  month   = {May},
  year    = {2017},
  journal = {Journal of theoretical biology},
  issn    = {0022-5193},
  pages   = {290â€”303},
  url     = {https://doi.org/10.1016/j.jtbi.2017.01.034}
}
@article{Yuan2013general,
  title     = {The general traveling wave solutions of the Fisher equation with degree three},
  author    = {Yuan, Wenjun and Chen, Qiuhui and Qi, Jianming and Li, Yezhou},
  journal   = {Advances in Mathematical Physics},
  year      = {2013},
  publisher = {Hindawi}
}

@article{Mishra2012,
  title   = {Memory effects in Fisher equation with nonlinear convection term},
  journal = {Physics Letters A},
  volume  = {376},
  number  = {23},
  pages   = {1833-1835},
  year    = {2012},
  issn    = {0375-9601},
  doi     = {https://doi.org/10.1016/j.physleta.2012.04.037},
  url     = {https://www.sciencedirect.com/science/article/pii/S0375960112004963},
  author  = {Ajay Mishra and Ranjit Kumar}
}

@misc{hamel2011speedup,
  title         = {Speed-up of combustion fronts in shear flows},
  author        = {Francois Hamel and Andrej Zlatos},
  year          = {2011},
  eprint        = {1112.3199},
  archiveprefix = {arXiv},
  primaryclass  = {math.AP}
}

@article{Mansour2010,
  title   = {Traveling wave solutions for the extended Fisher/KPP equation},
  journal = {Reports on Mathematical Physics},
  volume  = {66},
  number  = {3},
  pages   = {375-383},
  year    = {2010},
  issn    = {0034-4877},
  doi     = {https://doi.org/10.1016/S0034-4877(10)80009-6},
  url     = {https://www.sciencedirect.com/science/article/pii/S0034487710800096},
  author  = {M.B.A. Mansour}
}

@article{ross2010generalized,
  title     = {A generalized Fisher equation and its utility in chemical kinetics},
  author    = {Ross, John and Villaverde, Alejandro Fern{\'a}ndez and Banga, Julio R and V{\'a}zquez, Sara and Mor{\'a}n, Federico},
  journal   = {Proceedings of the National Academy of Sciences},
  volume    = {107},
  number    = {29},
  pages     = {12777--12781},
  year      = {2010},
  publisher = {National Acad Sciences}
}

@article{gueron1989model,
  title     = {A model of herd grazing as a travelling wave, chemotaxis and stability},
  author    = {Gueron, Shay and Liron, Nadav},
  journal   = {Journal of Mathematical Biology},
  volume    = {27},
  number    = {5},
  pages     = {595--608},
  year      = {1989},
  publisher = {Springer}
}

@article{Ablowitz1979,
  title   = {Explicit solutions of Fisher's equation for a special wave speed},
  journal = {Bulletin of Mathematical Biology},
  volume  = {41},
  number  = {6},
  pages   = {835-840},
  year    = {1979},
  issn    = {0092-8240},
  doi     = {https://doi.org/10.1016/S0092-8240(79)80020-8},
  url     = {https://www.sciencedirect.com/science/article/pii/S0092824079800208},
  author  = {Mark J. Ablowitz and Anthony Zeppetella}
}

@article{canosa1973nonlinear,
  title     = {On a nonlinear diffusion equation describing population growth},
  author    = {Canosa, Jose},
  journal   = {IBM Journal of Research and Development},
  volume    = {17},
  number    = {4},
  pages     = {307--313},
  year      = {1973},
  publisher = {IBM}
}

@article{fisher1937wave,
  title     = {The wave of advance of advantageous genes},
  author    = {Fisher, Ronald Aylmer},
  journal   = {Annals of eugenics},
  volume    = {7},
  number    = {4},
  pages     = {355--369},
  year      = {1937},
  publisher = {Wiley Online Library}
}

@article{kolmogorov1937study,
  author  = {Kolmogorov, Andre{\"\i} N and  Ivan Petrovsky and Nikolai S. Piskunov},
  year    = {1937},
  title   = {A study of the equation of diffusion with increase in the quantity of matter, and its application to a biological problem},
  journal = {Moscow University Bulletin of Mathematics},
  pages   = {1--25},
  volume  = {1}
}

@book{gibbs1928collected,
  title     = {The collected works of J. Willard Gibbs, volume I: thermodynamics},
  author    = {Gibbs, J Willard},
  year      = {1928},
  publisher = {Yale University Press}
}